3284 5209
287 462 361 571 334
479 374 1345 564 crrvrsrronrenrcr'rx'

286 621 467 713 arreptum
487 612 647 711 gladium
680 614 719 691 in
748 615 989 694 trirenelicam
1017 619 1114 697 illanr
1143 621 1331 708 intendat,
1358 627 1433 722 qnia

283 714 448 792 adversus
468 711 625 808 sagarum
643 713 902 791 incantationes
919 717 1019 811 aiunt
1038 718 1130 794 nihil
1149 719 1215 795 elle
1231 723 1346 798 tutius
1364 727 1432 801 arai.

187 811 191 818 '
285 811 896 890 mmmm&mmr·
1314 887 1318 892 .

218 915 220 919 ’
337 910 450 1001 Quod
483 922 602 980 aorem
630 904 832 984 Mercurius
851 906 952 984 addit
981 907 1200 988 confilium,
1224 928 1265 988 ot
1282 935 1433 1011 nempe,

287 1005 350 1081 ulti
371 1009 406 1080 in
435 1026 511 1079 eam
538 999 618 1075 ense
644 1004 814 1089 irruerit,
841 1005 877 1079 dr
910 1005 1221 1102 pertimescentem
1244 1010 1436 1102 aspexerit.

227 1177 230 1184 ,
287 1104 547 1181 concubitum,
576 1120 687 1192 quem
708 1101 752 1175 ab
769 1123 815 1175 eo
833 1117 953 1198 petat,
981 1125 1056 1178 non
1075 1121 1225 1192 renuat,
1251 1106 1348 1182 laedit
1362 1131 1435 1185 nun

266 1221 412 1294 parum
436 1194 609 1298 pudicum
638 1196 817 1274 ledorenr.
871 1196 941 1274 Sed
963 1198 1003 1275 id
1024 1222 1101 1276 non
1119 1198 1271 1278 Homeri
1296 1205 1434 1283 crimini

284 1295 443 1371 dandum
462 1351 473 1382 ,
498 1289 555 1368 sed
574 1291 705 1370 vitiosa
722 1293 892 1370 doilrinae
909 1317 1054 1372 morum
1074 1298 1345 1396 inquinataeque
1367 1298 1432 1380 Re·

282 1389 412 1487 ligioni
430 1389 547 1489 gentis
564 1385 641 1466 suae.
693 1387 770 1465 Viri
793 1391 997 1478 enimcum
1017 1391 1168 1476 foemina
1196 1399 1433 1476 concubitum

240 1485 878 1662 'errrrrranrrnnrrl
891 1488 981 1662 nrt
1002 1475 1172 1663 tren
1205 1490 1433 1667 liner

283 1685 423 1782 uitium.
482 1680 606 1776 ltaque
637 1702 721 1756 cum
749 1639 956 1794 Msrc'oriur
982 1607 1056 1781 {luy
1086 1610 1359 1770 effloreat,
1394 1613 1434 1766 gs

246 1815 248 1820 ¹
281 1789 384 1863 caute
404 1780 632 1888 cogitateque
652 1799 736 1854 cum
762 1775 898 1862 Circe,
935 1777 1048 1856 solute
1071 1778 1256 1872 foemina,
1282 1785 1431 1860 commi·

279 1875 430 1962 sceatur,
450 1874 658 1969 eumquein
669 1873 798 1960 finem,
813 1872 925 1950 utlibi
939 1875 1153 1953 benevolam
1166 1877 1291 1964 saciat,
1306 1879 1427 1957 socior-

280 1997 351 2072 que
365 1974 473 2050 solvat
499 1972 609 2070 erinis
623 1970 748 2047 sormir
762 1970 940 2066 illigatos,
967 1971 1156 2049 confilium
1171 1975 1276 2052 valde
1294 1978 1424 2054 bouum

280 2085 389 2167 atque
409 2073 460 2147 uti
512 2090 559 2144 ex
578 2066 647 2141 illis
666 2068 848 2166 principiis
864 2067 1054 2166 suggerere
1072 2069 1223 2147 ridetdr.
1277 2071 1422 2163 Quodi

280 2165 461 2263 Evangelii
485 2164 590 2264 luce,
616 2177 696 2260 quar
713 2164 844 2239 deinde
865 2163 1031 2272 finguluri
1049 2164 1162 2241 divini
1180 2166 1353 2246 Numinis
1370 2173 1422 2248 be-

205 2291 208 2298 ·
280 2264 412 2340 nesicio
430 2264 534 2339 nobis
554 2258 682 2337 effulsit
698 2260 910 2346 ,nefarium
932 2262 1098 2338 novimus
1125 2287 1297 2350 omnem,
1320 2289 1420 2363 quem

279 2360 447 2457 legitimo
474 2359 611 2452 nuptiar'
627 2377 710 2434 ¹nun
735 2359 971 2455 permittant,
997 2358 1263 2448 concubitum,¹
1286 2360 1422 2446 ¹Cbrislu

277 2460 399 2553 potios
422 2457 568 2550 agendae
582 2456 729 2550 gratie,
757 2456 820 2551 qui
841 2476 908 2528 nos
927 2453 972 2530 de
991 2457 1146 2558 tenebris
1159 2458 1202 2531 iu
1222 2458 1420 2536 admirabile

277 2554 400 2631 lumen
417 2552 519 2632 suum
535 2554 704 2637 vocavit,
731 2573 839 2649 quam
860 2548 1028 2626 Homero
1046 2549 1344 2640 succensendum,
1365 2559 1421 2653 qni

277 2654 369 2726 bene
385 2671 427 2724 ac
448 2647 670 2724 laudabiliter
694 2648 729 2722 in
750 2669 875 2722 manca
893 2646 949 2722 illa
964 2670 1008 2722 ac.
1022 2649 1241 2726 tenebricosa
1263 2650 1423 2748 sapientie

276 2748 311 2824 se
346 2744 454 2846 geffit.
514 2744 764 2835 Quamobrem
797 2744 954 2840 iniquior
984 2745 1020 2818 in
1050 2743 1149 2822 hunc
1183 2745 1310 2822 Vatem
1330 2747 1423 2826 fuisse

277 2841 459 2939 spondanus
478 2837 651 2917 dicendos
674 2840 747 2923 est,
773 2838 861 2914 dum
876 2838 978 2928 illum
996 2845 1151 2936 graviter
1167 2847 1287 2939 arguit
1307 2846 1421 2939 obiur-

199 3003 205 3012 ,
275 2958 434 3040 garoue,
460 2937 561 3036 quod
585 2935 808 3013 Mercurium
833 2929 1020 3013 confilium
1045 2937 1134 3014 illud
1154 2940 1354 3017 tradentem
1374 2941 1419 3018 se·
1452 3029 1455 3034 ¹

275 3042 373 3114 cerit.
426 3033 530 3111 Hanc
550 3033 712 3131 profesto
734 3032 932 3109 dodrinam
956 3087 967 3116 ,
993 3056 1101 3129 quam
1121 3036 1236 3110 modo
1262 3037 1419 3135 exposui·
1459 2989 1465 3090 ⁴

274 3158 375 3220 urus,
402 3131 539 3208 secutus
572 3129 781 3204 Horatius&
810 3128 884 3226 ipse
907 3125 1110 3219 Ethnicus,
1135 3129 1296 3230 Ulyssem
1322 3136 1416 3212 velte-

275 3248 414 3307 menter
437 3228 582 3311 laudat,
605 3226 705 3321 quod
724 3225 839 3302 sobrie
854 3247 897 3301 ac
913 3227 1108 3319 prudenter
1128 3231 1213 3307 cum
1233 3227 1339 3310 Circe
1350 3233 1415 3309 cui-
1447 3311 1450 3316 ,

273 3331 366 3412 erit,
394 3349 470 3400 non
493 3321 595 3414 stulte
621 3321 829 3419 effuseque,
851 3334 893 3400 ut
908 3321 993 3410 socii
1012 3346 1022 3399 r
1445 3327 1448 3336 '

282 3448 284 3452 ’
347 3432 490 3498 Sirenum
512 3446 598 3493 vocet
616 3418 667 3504 Ed
695 3427 795 3508 Circes
816 3420 931 3518 pocula
955 3423 1072 3515 nosti,'
1130 3503 1133 3508 ¹

346 3517 468 3614 Quaefi
489 3542 560 3590 cum
576 3515 667 3604 firciis
681 3516 798 3607 stultus
822 3516 1011 3612 cupidusque
1031 3509 1165 3609 bibrfflt,
1240 3561 1246 3619 '.
1287 3596 1290 3600 ,

343 3616 406 3692 Sub
432 3617 557 3693 domine
578 3621 737 3688 meretrice
749 3610 861 3708 'furffit
883 3621 986 3708 turpis
1004 3667 1015 3697 ‚
1044 3611 1092 3700 85⁶
1111 3638 1219 3688 excurr

347 3709 493 3809 Virrrffet,
519 3716 604 3782 canis
625 3710 831 3797 immundus,
856 3711 910 3783 nel
929 3717 1026 3785 amica
1042 3709 1111 3784 suto
1120 3710 1194 3801 fian
1227 3729 1230 3734 ·
1282 3735 1285 3746 ⁴
1440 3731 1444 3742 ·

267 3809 393 3889 thc.
418 3803 499 3904 Diffi
523 3813 606 3886 LIV.
649 3863 653 3871 «
945 3875 949 3881 ,

772 3923 807 3976 v.
849 3918 929 3991 299.

304 3967 413 4070 ¹’stertei
437 3999 578 4076 eirenes
602 3996 726 4091 (infin.
760 4019 828 4094 pto
857 3997 1049 4098 imperat.)
1074 4026 1128 4088 retr
1147 3981 1421 4099 -e‘grrrrr’pr‘rv
1451 4059 1454 4066 .

241 4124 340 4174 ω,
366 4097 435 4174 Sed
456 4100 568 4191 jube,
599 4110 640 4172 ut
658 4096 761 4192 juret.
1323 4101 1333 4116 ²
1366 4107 1369 4118 '

175 4262 179 4268 .
310 4193 461 4289 Mardger
485 4196 588 4290 μέγαν
612 4188 700 4287 ὅμου
724 4186 883 4282 o’rrr'rma
907 4213 972 4289 pet
994 4189 1093 4274 Deos
1108 4193 1237 4290 jurare.
1268 4199 1271 4214 '
1415 4265 1418 4272 .
