3284 5209
512 489 592 570 rrv
641 510 665 569 ι.
718 490 1101 574 oniscon
1316 431 1467 589 ¹nr

238 653 404 731 humanis
427 656 590 731 carnibus
624 656 820 741 vescentur.
874 658 964 736 Sunt
991 657 1129 754 aliqui,
1157 659 1385 758 quimorem
1424 669 1428 678 “

238 752 339 827 hunc
366 776 440 828 non
465 754 577 848 longe
609 778 627 829 a
654 757 779 829 mundi
817 753 984 832 eluvione
1017 773 1182 853 coeptum
1220 756 1385 843 tradunt,
1439 770 1441 775 '

237 851 447 946 aiuntque,
484 852 644 946 gigantes
670 854 739 945 jam
766 868 844 926 tunt
883 853 1044 928 hornanis
1076 856 1240 930 carnibus
1270 853 1386 947 pallos

237 943 335 1029 else,
365 963 565 1043 terramque
589 947 757 1023 Chanaan
785 946 973 1025 habitatam
1002 948 1101 1026 fuisse
1121 975 1140 1026 a
1162 951 1385 1049 gigantibus,

236 1046 300 1136 qui
330 1042 503 1119 haberent
531 1050 566 1117 in
597 1044 767 1120 deliciis,
810 1044 974 1120 humanis
1010 1050 1238 1124 cadaveribus
1281 1048 1380 1122 vel'ci.

236 1138 386 1234 Scythas
409 1142 443 1215 ἃ
468 1139 690 1216 Sauromatas
711 1164 832 1217 carnes
850 1141 1019 1219 humanas
1036 1145 1227 1220 comedere
1247 1142 1385 1228 solitos,

235 1240 416 1331 vulgatius
447 1239 521 1321 est,
549 1261 655 1335 quarn
685 1254 724 1313 ut
748 1244 878 1312 narrari
900 1256 1075 1335 oporteat.
1128 1250 1238 1319 Livius
1268 1239 1384 1330 perhi-
1420 1278 1422 1283 ·

235 1333 322 1417 bet,
354 1332 568 1409 consuevisse
605 1333 842 1411 Hannibalem
870 1335 906 1408 in
929 1336 1050 1411 cibum
1074 1339 1231 1433 praebere
1259 1335 1386 1412 huma-

233 1452 296 1502 nas
315 1453 436 1507 carnes
451 1432 516 1506 suis
537 1430 725 1518 militibus,
753 1446 793 1507 ut
809 1430 939 1507 faceret
956 1432 1155 1509 ferociores.
1211 1432 1292 1508 Pars
1311 1437 1385 1509 Au·

236 1526 347 1601 stralis
370 1527 491 1603 tlsricae
517 1528 685 1605 incolitur
711 1529 924 1625 plerumque
956 1530 999 1605 ab
1022 1530 1090 1605 iliis
1115 1530 1383 1632 anthropopha-

235 1625 300 1717 gis.
360 1626 533 1718 Vespnccius
557 1642 697 1699 narrat,
732 1626 764 1700 le
792 1624 911 1699 vidisse
938 1626 1054 1720 nudos
1075 1625 1240 1701 homines
1264 1629 1386 1709 soerni2

236 1742 373 1809 nasque
394 1721 496 1797 nullo
524 1722 674 1796 horrore
697 1721 867 1797 humanas
897 1744 1017 1797 carnes
1040 1724 1259 1800 comedere,
1292 1725 1385 1798 adeo

239 1834 278 1890 ut
303 1815 397 1892 filius
431 1833 570 1893 voraret
599 1841 741 1912 corpus·
765 1819 814 1894 sui
850 1820 984 1912 putris3
1020 1817 1156 1915 sibique
1186 1819 1384 1915 gloriosum

239 1912 386 2009 quisque
402 1914 547 1990 duceret
571 1972 582 2001 ,
608 1914 633 1988 st
653 1918 825 2004 majorem
844 1915 1034 1989 hominurn
1060 1938 1249 1991 nnmerum
1274 1918 1385 1989 devo·

240 2008 355 2084 ralset·
404 2010 548 2087 Caribes
566 2013 600 2086 ἀ
620 2009 858 2095 Cannibales,
883 2012 1009 2106 populi
1027 2010 1197 2087 Americrc
1216 2066 1227 2095 ,
1253 2011 1319 2085 bac
1334 2010 1385 2083 se·

241 2110 388 2180 rocitate
418 2107 505 2181 alios
536 2112 641 2183 etiarn
664 2105 831 2203 superasse
856 2107 1027 2183 feruntur.
1079 2108 1181 2183 Anne
1207 2109 1316 2204 igitur
1344 2103 1386 2181 fir
1436 2113 1442 2126 ’

242 2201 462 2287 absurdum,
499 2202 522 2277 fi
546 2205 743 2278 monstrum
767 2224 838 2277 tarn
869 2207 1025 2278 immane
1054 2219 1160 2299 atque
1191 2202 1384 2285 horribile,

243 2300 343 2396 quale
363 2300 524 2375 describit
541 2298 749 2387 Hortamur,
776 2298 834 2373 sex
858 2324 876 2373 e
897 2301 997 2374 sociis
1016 2298 1140 2397 Ulylhs
1163 2294 1387 2377 comederit?

286 2395 386 2470 Huic
411 2395 638 2493 Polyphemo
667 2400 858 2471 voracitate
886 2412 993 2494 atque
1020 2398 1179 2493 ingluvie
1214 2397 1386 2492 aliquate-

242 2517 305 2567 nus
334 2491 482 2567 similem
510 2492 741 2568 Herodorunr
773 2492 952 2589 quendam
986 2493 1234 2591 megarensem
1258 2493 1386 2568 tubici-

242 2614 354 2673 nenr,
383 2613 489 2685 quern
516 2607 690 2664 memorat
707 2591 812 2682 Julius
834 2591 968 2676 Pollux,
993 2613 1068 2665 non
1092 2594 1292 2682 incongrue
1307 2587 1383 2664 lor·
1442 2683 1445 2690 Ι

241 2684 320 2759 tasse
338 2688 499 2760 dixerim.
552 2684 583 2759 ls
604 2687 739 2761 duabus
761 2683 863 2761 horus
880 2689 1040 2761 maximis
1054 2687 1147 2763 tubis
1161 2684 1287 2761 inflatis
1301 2684 1386 2759 hor·

240 2785 392 2858 rendunt
414 2785 507 2857 adeo
526 2784 652 2858 edebat
670 2783 903 2878 clangorem,
927 2798 968 2858 ut
984 2784 1082 2875 juxta
1096 2806 1179 2859 eum
1198 2779 1387 2859 constitere

240 2903 351 2953 nemo
387 2878 508 2974 posset.
547 2902 612 2954 nec
646 2883 804 2969 mirum3
843 2879 969 2956 littura
990 2882 1087 2953 enirn
1122 2879 1190 2955 suit
1213 2899 1383 2974 procera,
1405 2881 1435 2892 ”

240 2992 396 3073 quatuor
435 2998 565 3074 nempe
598 2978 832 3061 cubitorum,
868 2978 903 3050 &
934 2998 1088 3071 corpore
1119 2971 1382 3065 robuhilsan103

239 3075 329 3147 adeo
356 3087 395 3147 ut
425 3072 524 3146 senos
556 3076 652 3167 panis
682 3073 864 3147 choenices
885 3074 921 3145 in
944 3072 1017 3147 dies
1045 3071 1236 3169 singulos,
1270 3070 1383 3148 carnis

240 3171 369 3262 viginti
394 3168 519 3261 pondo
542 3167 735 3259 elitaverit3
762 3171 835 3241 vini
855 3172 1008 3265 congios
1025 3170 1129 3244 binos
1147 3170 1320 3259 ebiberit3
1335 3164 1386 3239 a&

241 3263 408 3341 Herculis
427 3266 531 3339 instar
547 3265 689 3338 leonina
717 3265 808 3359 pelle
829 3266 1079 3350 amiciebatur,
1109 3264 1211 3362 super
1233 3260 1385 3339 ursinam
1409 3275 1412 3281 ·
1478 3355 1481 3360 ¹

243 3365 402 3438 cubabat.
454 3360 623 3437 Notabile
648 3384 744 3454 porro
767 3362 844 3445 eli,
871 3363 971 3457 quod
996 3360 1040 3435 de
1066 3360 1141 3457 ipso
1173 3369 1247 3436 bon
1277 3359 1387 3432 Pollux

242 3461 381 3543 modo,
409 3457 467 3532 sed
490 3458 650 3530 Arbenans
674 3476 786 3532 narrat
811 3480 818 3529 :
854 3455 1081 3533 Demetrium
1101 3458 1229 3541 illum,
1257 3456 1317 3550 qui
1341 3456 1386 3526 ab

242 3555 488 3650 expugnandis
505 3556 650 3629 urbibus
673 3554 879 3628 Poliorcetae
896 3576 1104 3651 cognomen
1120 3556 1274 3634 invenit,
1301 3570 1384 3624 curn

244 3658 359 3745 Argos
391 3670 617 3747 oppugnaret
637 3687 660 3729 ‚v
679 3654 933 3745 ingentemque
956 3650 1133 3746 quandam
1166 3647 1384 3729 machinam,

244 3773 350 3846 quana
379 3771 397 3822 a
425 3749 457 3821 se
484 3750 662 3821 inventam
690 3745 881 3843 Helepolin
907 3746 1098 3831 vocitavit,
1125 3747 1306 3819 moenibus
1323 3741 1394 3828 ad..

243 3869 420 3929 movere,
445 3867 659 3940 quamquam
683 3846 842 3917 maximo
862 3860 994 3917 conatu
1013 3843 1188 3927 rnilitum,
1215 3862 1288 3913 non
1307 3834 1385 3932 pos-

242 3944 315 4024 set,
352 3939 585 4014 Herodorum
609 3942 705 4014 hunc
738 3936 924 4025 accivisse,
959 3940 1020 4035 qui
1055 3941 1231 4014 continuo
1251 3936 1388 4020 duabus

241 4040 307 4112 illis
338 4037 403 4110 suis
428 4040 606 4133 giganteis
637 4040 782 4130 arreptis
814 4039 908 4109 tubis
931 4087 940 4116 ‚
966 4056 1049 4109 cum
1080 4061 1136 4111 eas
1169 4058 1246 4110 uno
1267 4031 1389 4126 spiritu

241 4131 451 4216 animasset,
487 4151 625 4207 tantona
656 4135 789 4226 vigoris
828 4149 934 4228 atque
971 4131 1154 4210 alacritatis
1179 4132 1388 4225 urgentibus

242 4232 443 4306 machinam
457 4229 649 4325 inspirasse,
677 4249 739 4303 nt,
764 4252 839 4322 quo
851 4228 1041 4311 volebant,
1063 4253 1139 4307 eam
1155 4225 1390 4325 propulerint.

241 4338 289 4422 Jo,
311 4332 448 4419 Baptista
470 4335 565 4399 Donii
581 4325 692 4401 Trois.
719 4327 756 4397 de
772 4331 942 4419 prestantia
963 4336 1081 4403 ueteris
1107 4326 1237 4422 Mufica.
1269 4316 1391 4395 lnce.
1447 4364 1451 4372 ·

246 4422 325 4524 Diffi
342 4432 437 4499 Hom.
463 4433 546 4499 Tora.
563 4432 614 4499 iil.
629 4444 659 4519 p.
681 4434 734 4509 81.
751 4423 817 4520 [qq.
1264 4441 1295 4497 t.
1312 4436 1393 4509 294.
