3284 5209
508 433 1123 592 tunoormpu
1268 404 1279 432 ’
1379 499 1409 580 7

216 733 218 740 ,
298 651 356 706 ’·’-
407 657 541 750 c'orpiam
566 641 649 727 mini
667 647 714 738 85
732 651 886 744 animofirs
906 656 1022 725 oir'in
1052 646 1194 725 omnibus
1217 649 1328 728 melior
1349 650 1396 741 ἐφ’

216 773 220 824 t
608 754 803 848 prestantior·
866 757 869 764 '
931 795 936 804 ·
1267 748 1280 774 “
1341 793 1343 798 -

216 829 226 984 l
310 845 499 941 sieburgis,
526 854 622 935 etiam
633 846 666 937 fi
679 846 804 940 quando
824 844 950 920 aliunde
968 845 1112 943 venua]

238 937 268 1020 ll
288 943 339 1018 eii
359 947 495 1019 certain
541 966 586 1019 ue
615 940 648 1018 la
674 942 829 1018 timidite'
851 966 871 1018 a
899 941 982 1039 gitti
1007 943 1197 1040 beaucoup
1219 940 1266 1018 de
1285 960 1396 1042 gran-¹

243 1040 304 1115 des
330 1039 477 1116 affaires.
514 965 559 1116 tll
585 1038 661 1117 faut
689 1038 792 1115 dela
823 1037 1024 1130 hardielle3
1059 1043 1146 1115 mais
1174 1039 1200 1115 il
1225 1039 1301 1118 faut
1322 1065 1395 1141 que

243 1143 335 1217 cette
358 1133 535 1215 hardielse·
550 1135 618 1214 soit
642 1136 816 1213 couduite
838 1157 902 1232 par
926 1136 960 1215 la
983 1137 1175 1236 prudence.
1227 1136 1341 1217 Due.
1441 1171 1445 1180 ·

287 1334 440 1401 blancana
457 1386 469 1417 ,
495 1330 554 1407 Od.
577 1345 608 1398 r.
628 1348 712 1422 403.
1350 1377 1355 1388 ι

290 1427 449 1526 abaciacus
483 1425 541 1518 μὲι
567 1432 680 1523 afdau
711 1422 881 1517 κιχιίπαι,
918 1424 1095 1525 Reginam
1115 1429 1174 1522 seu
1204 1427 1393 1512 dominam

254 1529 398 1624 primum
416 1526 599 1601 invenies:
624 1532 647 1601 i.
672 1552 700 1602 e·
724 1525 873 1601 accedes
909 1525 953 1600 ad
986 1548 1095 1610 eam„
1115 1528 1233 1622 eique
1257 1527 1392 1627 suppil-

260 1624 368 1717 cabis3
401 1620 625 1698 &sutorum
654 1620 705 1696 est
734 1618 988 1722 imperative,]
1023 1622 1079 1697 Ad
1105 1626 1267 1717 reginam
1291 1630 1391 1720 prius

246 1719 410 1797 -accedere
427 1720 557 1813 jubet,
580 1716 714 1818 quod,
745 1732 788 1795 ut
810 1721 994 1819 arbitror,
1021 1711 1105 1794 cum
1135 1719 1308 1797 muliebre
1327 1746 1393 1819 ge-

262 1839 312 1894 nus
328 1816 540 1893 afflictorum
563 1812 876 1892 commiseratione
892 1815 1030 1892 facilius
1057 1829 1249 1911 tangatur,
1275 1817 1393 1893 verifi.

261 1915 327 1989 uile
345 1914 397 1991 est
418 1965 431 2002 ,
455 1911 711 2011 procliviorem
734 1913 779 1989 ad
804 1909 961 2011 Ulyliem
983 1911 1186 1988 humaniter
1209 1915 1393 2009 excipien-

259 2010 328 2086 dum
352 2011 509 2087 futuram
538 2005 726 2106 Reginam.
778 2008 964 2105 Siquidem
993 2009 1086 2086 sorte
1114 2009 1150 2084 rb
1180 2032 1249 2105 pro
1271 2010 1394 2087 homi-

258 2130 329 2183 num
347 2106 494 2184 illorum
511 2106 682 2203 ingenio.
706 2104 751 2181 de
768 2109 900 2202 quibus
912 2105 1006 2180 bntea
1028 2105 1162 2182 dilium
1177 2106 1250 2182 est:
1280 2110 1301 2174 ι’
1323 2109 1394 2205 γε,

253 2204 338 2289 iassae
360 2201 422 2272 inlr
446 2199 531 2291 μάλ’
555 2199 727 2295 deberint
751 2202 931 2292 ιιίεχινῖιιι,
959 2202 1030 2291 &a
1068 2216 1208 2299 poterat
1232 2200 1301 2279 effe
1325 2209 1394 2281 mi.

250 2323 310 2377 uus
325 2301 504 2377 humanus
519 2298 693 2392 Alcinous
711 2353 723 2385 ‚
742 2300 795 2375 ,dr
818 2298 864 2375 ad
887 2297 1176 2400 benevolentiam
1189 2299 1391 2396 proclivis:
1428 2329 1432 2338 ·

245 2397 342 2495 quod
377 2420 422 2473 ex
449 2417 497 2472 eo
518 2395 661 2473 videtur
684 2396 845 2471 constare
873 2442 883 2484 ³
908 2395 1009 2496 quod
1046 2404 1081 2468 in
1108 2400 1188 2491 seqq.
1224 2411 1394 2492 oporteat

243 2497 431 2572 Alcinoum
455 2492 501 2569 ad
532 2490 777 2589 hospitalitatis
808 2489 971 2568 officium
1006 2492 1050 2567 ab
1083 2491 1194 2567 heroi
1224 2490 1394 2571 Echeneo

241 2592 415 2668 excitari:
448 2611 655 2684 quanquam
689 2589 727 2666 δι
758 2586 819 2665 ille
850 2588 944 2667 hanc
973 2588 1127 2688 gloriam
1148 2591 1264 2668 Atera
1287 2594 1395 2669 uxori

241 2690 375 2787 eripiet
425 2684 607 2791 SPOND.

731 2805 765 2862 r.
803 2794 863 2878 54:

282 2879 393 2972 Ἀςιίτη
418 2878 446 2947 δ’
468 2876 550 2973 ἔνεμ’
572 2878 636 2960 {ele
656 2875 843 2969 ἰπιιῖιυμιι,
873 2900 1009 2955 nomen
1033 2882 1108 2976 ejus
1131 2881 1181 2958 est
1204 2882 1329 2968 Arete,
1356 2884 1396 2959 &

240 2976 387 3076 quidem
407 3000 581 3055 unacum
617 2999 655 3052 re
683 2976 763 3072 ipsa.
793 2975 969 3062 επιίννμιι,
1011 2981 1270 3076 cognominis.
1294 2978 1395 3078 tullia

239 3077 373 3158 numu.
397 3082 584 3178 ingenue,
608 3076 840 3161 nominatus,
867 3072 1052 3170 ιιιιιιιιιε,
1077 3078 1114 3151 u.
1141 3093 1167 3146 1.
1193 3083 1273 3170 558.

284 3260 468 3379 ‘uenientes
487 3312 498 3343 2
519 3294 564 3380 a,
582 3294 645 3381 ιι,
676 3183 999 3362 ιιιιιῖἷιιιὲὃῇιιιειιίι
1024 3269 1190 3382 &aptus
1216 3269 1259 3347 ad
1283 3284 1393 3348 arma·

213 3401 215 3426 ι
244 3359 383 3440 Deinde
410 3365 447 3440 δι
464 3413 477 3451 ,
493 3386 673 3439 mrnttnus
696 3380 793 3441 natu.
831 3386 955 3462 propr.
978 3366 1028 3442 de
1049 3371 1131 3441 utris
1161 3366 1393 3444 adolescenti-

213 3533 215 3554 ,
247 3460 335 3553 bus3
361 3462 539 3558 impropr.
565 3459 610 3536 de
639 3459 768 3556 puellis
798 3462 1008 3559 virginibus.
1070 3463 1209 3558 uie-ope
1240 3462 1394 3543 inaulita

213 3585 215 3662 3
251 3563 413 3653 Μιτις,
436 3557 557 3635 adulta
576 3573 694 3634 tamen
715 3558 785 3651 jam
806 3560 844 3632 δι
867 3558 1030 3650 nubilis,
1056 3560 1113 3636 od.
1133 3576 1161 3637 r.
1180 3572 1265 3655 465.
1339 3569 1343 3578 '

213 3671 215 3724 l
288 3657 495 3750 Ἐνςιμέῖει,
521 3652 616 3745 aulas,
644 3659 682 3741 ι’,
710 3677 773 3730 rex
792 3651 1003 3754 Gigantum.

726 3774 760 3828 v.
853 3808 863 3828 .

282 3845 340 3921 'oa
363 3846 445 3917 ποθ’
467 3845 675 3941 ὑπερθύμοισι
701 3772 885 3940 ruydellozo
906 3848 1098 3937 βασίλευεν,
1124 3851 1201 3947 Qui
1223 3853 1311 3929 olim
1337 3853 1394 3930 sud

249 3945 357 4041 perbis
385 3943 603 4040 Gigantibus
622 3944 850 4119 imperabatg
885 3945 939 4024 Ex
959 3946 1033 4023 hoc
1055 3958 1187 4025 Ηοιειινι·
1209 3950 1325 4036 loco,
1351 3968 1394 4028 ut

248 4063 287 4114 ex
303 4049 332 4116 S.
353 4048 554 4134 scripturis,
577 4044 720 4118 abunde
744 4065 816 4120 con
848 4057 911 4129 at,
937 4045 1051 4121 salios
1075 4049 1110 4124 δι
1139 4048 1304 4124 robustos
1323 4049 1392 4123 ho·

246 4140 351 4215 mines
369 4138 461 4213 olim
478 4138 627 4214 extitisse
646 4193 657 4226 ,
683 4141 746 4236 qui
763 4162 997 4217 communem
1019 4141 1209 4219 bominum
1227 4145 1393 4220 [laturam

248 4235 463 4311 excederent
488 4257 497 4307 :
525 4234 570 4309 de
589 4259 659 4332 qua
681 4258 718 4312 re
739 4237 911 4313 Kerclnrus
926 4239 963 4313 in
977 4236 1120 4316 Mundo
1139 4239 1393 4325 subterraneo,

245 4334 380 4414 Faetus
399 4332 446 4409 de
460 4328 582 4432 Rebus
602 4332 753 4419 Siculis,
778 4338 888 4510 getius
909 4334 1069 4437 qlrodigint
1085 4335 1162 4418 Lib.
1174 4336 1316 4437 ll.Cap.
1330 4335 1391 4411 vt.

834 4453 860 4529 4
1301 4442 1399 4533 Hugo
